{
  "leader": "02506cam a2200469 a 4500",
  "fields": [
    {
      "001": "ocm41183831\\"
    },
    {
      "003": "OCoLC"
    },
    {
      "005": "20230118110117.0"
    },
    {
      "008": "990303s1999\\\\\\\\hiuab\\\\\\\\b\\\\\\\\000\\0\\eng\\d"
    },
    {
      "010": {
        "ind1": "\\",
        "ind2": "\\",
        "subfields": [
          {
            "a": "   99070260 "
          }
        ]
      }
    },
    {
      "040": {
        "ind1": "\\",
        "ind2": "\\",
        "subfields": [
          {
            "a": "TKF"
          },
          {
            "b": "eng"
          },
          {
            "c": "DLC"
          },
          {
            "d": "DPL"
          },
          {
            "d": "BTCTA"
          },
          {
            "d": "YDXCP"
          },
          {
            "d": "BAKER"
          },
          {
            "d": "HEBIS"
          },
          {
            "d": "HUH"
          },
          {
            "d": "OCLCF"
          },
          {
            "d": "OCLCO"
          },
          {
            "d": "OCLCQ"
          },
          {
            "d": "SEO"
          },
          {
            "d": "OCLCO"
          }
        ]
      }
    },
    {
      "020": {
        "ind1": "\\",
        "ind2": "\\",
        "subfields": [
          {
            "a": "0966865405"
          }
        ]
      }
    },
    {
      "020": {
        "ind1": "\\",
        "ind2": "\\",
        "subfields": [
          {
            "a": "9780966865400"
          }
        ]
      }
    },
    {
      "035": {
        "ind1": "\\",
        "ind2": "\\",
        "subfields": [
          {
            "a": "(OCoLC)41183831"
          }
        ]
      }
    },
    {
      "042": {
        "ind1": "\\",
        "ind2": "\\",
        "subfields": [
          {
            "a": "lccopycat"
          }
        ]
      }
    },
    {
      "043": {
        "ind1": "\\",
        "ind2": "\\",
        "subfields": [
          {
            "a": "n-us-ny"
          },
          {
            "a": "n-us---"
          }
        ]
      }
    },
    {
      "050": {
        "ind1": "0",
        "ind2": "0",
        "subfields": [
          {
            "a": "E56"
          },
          {
            "b": ".F67 1999"
          }
        ]
      }
    },
    {
      "082": {
        "ind1": "0",
        "ind2": "4",
        "subfields": [
          {
            "a": "970.1074"
          },
          {
            "b": "FOR"
          }
        ]
      }
    },
    {
      "100": {
        "ind1": "1",
        "ind2": "\\",
        "subfields": [
          {
            "a": "Force, Roland W."
          }
        ]
      }
    },
    {
      "245": {
        "ind1": "1",
        "ind2": "0",
        "subfields": [
          {
            "a": "Politics and the Museum of the American Indian :"
          },
          {
            "b": "the Heye & the mighty /"
          },
          {
            "c": "Roland W. Force."
          }
        ]
      }
    },
    {
      "246": {
        "ind1": "1",
        "ind2": "8",
        "subfields": [
          {
            "a": "Heye & the mighty"
          }
        ]
      }
    },
    {
      "250": {
        "ind1": "\\",
        "ind2": "\\",
        "subfields": [
          {
            "a": "First edition."
          }
        ]
      }
    },
    {
      "260": {
        "ind1": "\\",
        "ind2": "\\",
        "subfields": [
          {
            "a": "Honolulu, Hawai\u02bbi :"
          },
          {
            "b": "Mechas Press,"
          },
          {
            "c": "1999."
          }
        ]
      }
    },
    {
      "300": {
        "ind1": "\\",
        "ind2": "\\",
        "subfields": [
          {
            "a": "xxvii, 504 pages :"
          },
          {
            "b": "illustrations, map ;"
          },
          {
            "c": "26 cm"
          }
        ]
      }
    },
    {
      "336": {
        "ind1": "\\",
        "ind2": "\\",
        "subfields": [
          {
            "a": "text"
          },
          {
            "b": "txt"
          },
          {
            "2": "rdacontent"
          }
        ]
      }
    },
    {
      "337": {
        "ind1": "\\",
        "ind2": "\\",
        "subfields": [
          {
            "a": "unmediated"
          },
          {
            "b": "n"
          },
          {
            "2": "rdamedia"
          }
        ]
      }
    },
    {
      "338": {
        "ind1": "\\",
        "ind2": "\\",
        "subfields": [
          {
            "a": "volume"
          },
          {
            "b": "nc"
          },
          {
            "2": "rdacarrier"
          }
        ]
      }
    },
    {
      "504": {
        "ind1": "\\",
        "ind2": "\\",
        "subfields": [
          {
            "a": "Includes bibliographical references (pages 473-504)."
          }
        ]
      }
    },
    {
      "505": {
        "ind1": "0",
        "ind2": "\\",
        "subfields": [
          {
            "a": "Genesis -- The dockstader years -- Phoenix rises -- The non-New Yorker -- Politics -- Visibility -- Central Park West -- Revelations -- What you don't know can hurt you -- Impasse -- Not everything is negotiable -- Some disappointments -- Some doubts -- H. Ross Perot -- Miss America -- Sound and fury -- There is nothing inevitable -- Loyalty to the trust -- The Court -- Turf war -- Spot luck -- Changes in the wind -- Smithsonian -- The New-York historical society -- Negotiating a heritage -- Indian summer."
          }
        ]
      }
    },
    {
      "610": {
        "ind1": "2",
        "ind2": "0",
        "subfields": [
          {
            "a": "Museum of the American Indian, Heye Foundation."
          }
        ]
      }
    },
    {
      "610": {
        "ind1": "2",
        "ind2": "0",
        "subfields": [
          {
            "a": "National Museum of the American Indian (U.S.)"
          }
        ]
      }
    },
    {
      "600": {
        "ind1": "1",
        "ind2": "0",
        "subfields": [
          {
            "a": "Force, Roland W."
          }
        ]
      }
    },
    {
      "600": {
        "ind1": "1",
        "ind2": "7",
        "subfields": [
          {
            "a": "Force, Roland W."
          },
          {
            "2": "fast"
          },
          {
            "0": "(OCoLC)fst00008181"
          }
        ]
      }
    },
    {
      "610": {
        "ind1": "2",
        "ind2": "7",
        "subfields": [
          {
            "a": "Museum of the American Indian, Heye Foundation."
          },
          {
            "2": "fast"
          },
          {
            "0": "(OCoLC)fst00537973"
          }
        ]
      }
    },
    {
      "610": {
        "ind1": "2",
        "ind2": "7",
        "subfields": [
          {
            "a": "National Museum of the American Indian (U.S.)"
          },
          {
            "2": "fast"
          },
          {
            "0": "(OCoLC)fst00655271"
          }
        ]
      }
    },
    {
      "650": {
        "ind1": "\\",
        "ind2": "0",
        "subfields": [
          {
            "a": "Indians of North America"
          },
          {
            "x": "Museums."
          }
        ]
      }
    },
    {
      "650": {
        "ind1": "\\",
        "ind2": "7",
        "subfields": [
          {
            "a": "Indians of North America"
          },
          {
            "x": "Museums."
          },
          {
            "2": "fast"
          },
          {
            "0": "(OCoLC)fst00969858"
          }
        ]
      }
    },
    {
      "776": {
        "ind1": "0",
        "ind2": "8",
        "subfields": [
          {
            "i": "Online version:"
          },
          {
            "a": "Force, Roland W."
          },
          {
            "t": "Politics and the Museum of the American Indian."
          },
          {
            "b": "1st ed."
          },
          {
            "d": "Honolulu, Hawai\u02bbi : Mechas Press, 1999"
          },
          {
            "w": "(OCoLC)606466352"
          }
        ]
      }
    },
    {
      "776": {
        "ind1": "0",
        "ind2": "8",
        "subfields": [
          {
            "i": "Online version:"
          },
          {
            "a": "Force, Roland W."
          },
          {
            "t": "Politics and the Museum of the American Indian."
          },
          {
            "b": "1st ed."
          },
          {
            "d": "Honolulu, Hawai\u02bbi : Mechas Press, 1999"
          },
          {
            "w": "(OCoLC)609597832"
          }
        ]
      }
    },
    {
      "994": {
        "ind1": "\\",
        "ind2": "\\",
        "subfields": [
          {
            "a": "Z0"
          },
          {
            "b": "NYRVC"
          }
        ]
      }
    },
    {
      "948": {
        "ind1": "\\",
        "ind2": "\\",
        "subfields": [
          {
            "h": "NO HOLDINGS IN NYRVC - 282 OTHER HOLDINGS"
          }
        ]
      }
    },
    {
      "999": {
        "ind1": "\\",
        "ind2": "\\",
        "subfields": [
          {
            "a": "00000000018004"
          }
        ]
      }
    }
  ]
}